@Article{anarticle,
    key = {anarticle},
    title = {Ein Title},
    year = {2000},
    month = {Januar},
    note = {\url{http://www.url.to.ar/ticle}},
    publisher = {Center for Experimental Research in Computer Systems (CERCS)
       Georgia Institute of Technology, Atlanta, GA, USA},
    author = {A.~Bcd and B.~Cde}
}

@Misc{alink,
  key   = {alink},
  title = {{A web page title} {WWW} Homepage},
  year  = {1996},
  note  = {\url{http://www.url.org}},
  publisher = {Some publisher}
}

@Manual{amanual,
  key = {amanual},
  title = {Some sort of manual title},
  author = {{An author's name}},
  organization = {And the organization beyond},
  month = {Mai},
  year = {2001}
}

@book{abook,
   key = {Mabook},
   title = {A book title},
   author = {J.~F.~Kay},
   note = {\url{http://www.booksurls.org}},
   organization = {Some aorporation},
   publisher = {A publisher},
   year = {2003},
   month = {Februar}
}
