% This file was created with JabRef 2.3.1.
% Encoding: Cp1252

@article{Numa,
	author = {Daniel Weiß},
	title = {Numerische Mathematik für die Fachrichtungen Informatik und Ingenieurwesen},
	year = {2015},
}

@article{KrylowUnterraumWiki,
	url = {https://de.wikipedia.org/wiki/Krylow-Unterraum-Verfahren},
}

@misc{HiFlow3,
	url = {http://www.hiflow3.org/},
}

@misc{MFEM,
	url = {http://mfem.org/},
}

@misc{Deal.II,
	url = {https://www.dealii.org/},
}

@misc{Feel++,
	url = {http://www.feelpp.org/},
}

@misc{Libmesh,
	url = {http://libmesh.github.io/},
}

@article{FiniteElemente,
	author = {Braess, Dietrich},
	year = {2007},
	title = {Finite Elemente : Theorie, schnelle Löser und Anwendungen in der Elastizitätstheorie}
}

@article{RechnerstrukturenVL,
	author = {Prof. Dr. Wolfgang Karl},
	year = {2015},
	title = {Vorlesung Rechnerstrukturen}
}

@article{SoftwareEngineeringPP,
	year = {2016},
	title = "Software Engineering für moderne parallele Plattformen",
	author = {Philip Pfaffe}
}